@online{sprite,
    author = "The spriters resguarde",
    title = "Tom and Jerry: The Movie",
    url = "https://www.spriters-resource.com/game_gear/tomjerrythemovie/sheet/18642/",
}

@online{Monedas,
    author = "PNGWING",
    title = "Ilustraci√≥n moneda de oro ",
    url = "https://www.pngwing.com/es/free-png-zbyul",
}

@online{iconos,
    author = "Flaticon",
    title = "flaticon",
    url = "https://www.flaticon.es/resultados?word=botones%20juegos&type=icon",
}