@online{sprite,
    author = "The spriters resguarde",
    title = "Tom and Jerry: The Movie",
    url = "https://www.spriters-resource.com/game_gear/tomjerrythemovie/sheet/18642/",
}
